@article{lighthill1955kinematic,
  title={On kinematic waves {II}. {A} theory of traffic flow on long crowded roads},
  author={Lighthill, Michael James and Whitham, Gerald Beresford},
  journal={Proceedings of the Royal Society of London. Series A. Mathematical and Physical Sciences},
  volume={229},
  number={1178},
  pages={317--345},
  year={1955},
  publisher={The Royal Society London}
}

@article{richards1956shock,
  title={Shock waves on the highway},
  author={Richards, Paul I},
  journal={Operations Research},
  volume={4},
  number={1},
  pages={42--51},
  year={1956},
  publisher={INFORMS}
}

@book{treiber2013traffic,
  title={Traffic Flow Dynamics: Data, Models and Simulation},
  author={Treiber, Martin and Kesting, Arne},
  year={2013},
  publisher={Springer-Verlag Berlin Heidelberg},
  doi={10.1007/978-3-642-32460-4}
}

@article{wong2002multi,
  title={A multi-class traffic flow model: an extension of {LWR} model with heterogeneous drivers},
  author={Wong, G CK and Wong, SC},
  journal={Transportation Research Part A: Policy and Practice},
  volume={36},
  number={9},
  pages={827--841},
  year={2002},
  publisher={Elsevier}
}

@article{daganzo1995cell,
  title={A cell transmission model, part II: network traffic},
  author={Daganzo, Carlos F},
  journal={Transportation Research Part B: Methodological},
  volume={29},
  number={2},
  pages={79--93},
  year={1995},
  publisher={Elsevier}
}

@article{zhang2003non,
  title={On a non-equilibrium traffic flow model},
  author={Zhang, H Michael},
  journal={Transportation Research Part B: Methodological},
  volume={37},
  number={3},
  pages={261--275},
  year={2003},
  publisher={Elsevier}
}

@article{loggoh2019traffic,
  title={Traffic Flow Characteristics in Benin-City, Nigeria},
  author={Loggoh, L Taofiki},
  journal={Journal of Sustainable Development in Africa},
  volume={21},
  number={1},
  pages={193--207},
  year={2019}
}

@article{akcelik2003relationship,
  title={Relationship between capacity and driver behaviour},
  author={Akcelik, Rahmi},
  journal={Transportation Research Board National Roundabout Conference},
  pages={1--11},
  year={2003}
}

@phdthesis{chanut2005modeles,
  title={Modèles macroscopiques de trafic hétérogène},
  author={Chanut, Stéphane},
  year={2005},
  school={École Nationale des Ponts et Chaussées}
}

@article{greenshields1935study,
  title={A study of traffic capacity},
  author={Greenshields, Bruce D},
  journal={Highway Research Board Proceedings},
  volume={14},
  pages={448--477},
  year={1935}
}

@article{fan2013heterogeneous,
  title={Heterogeneous traffic modeling and mixed traffic flow simulation based on cellular automaton},
  author={Fan, Shiqi and Hao, Xiaokun and Feng, Jinxing},
  journal={Computer-Aided Civil and Infrastructure Engineering},
  volume={28},
  number={8},
  pages={616--628},
  year={2013},
  publisher={Wiley Online Library}
}

@article{karthik2019estimation,
  title={Estimation of space-mean speed from location-based services data},
  author={Karthik, KS and Satish, Ashuthosh and Adarsh, HR and Madhu, B},
  journal={Transportation Research Part B: Methodological},
  volume={126},
  pages={523--539},
  year={2019},
  publisher={Elsevier}
}

@article{kumar2018motorcycle,
  title={Motorcycle-dominated mixed traffic flow modelling},
  author={Kumar, Ravindra and Kanagaraj, Vijay and Sinha, Saurav},
  journal={Transportation Research Part B: Methodological},
  volume={108},
  pages={196--216},
  year={2018},
  publisher={Elsevier}
}

@article{marbach2009stochastic,
  title={Stochastic traffic flow modeling and its applications},
  author={Marbach, Peter and Pitu, Mody and Lu, Xiaolin},
  journal={Transportation Research Part B: Methodological},
  volume={43},
  number={2},
  pages={188--207},
  year={2009},
  publisher={Elsevier}
}

@article{ceylan2014traffic,
  title={Traffic signal timing optimisation based on genetic algorithm approach, including drivers' routing},
  author={Ceylan, Halim and Bell, Michael GH},
  journal={Transportation Research Part B: Methodological},
  volume={68},
  pages={141--162},
  year={2014},
  publisher={Elsevier}
}

@article{worldbank2019benin,
  title={Benin Transport Sector Review: Modernizing the Transport Sector in Benin},
  author={{World Bank}},
  journal={World Bank Reports},
  year={2019},
  publisher={World Bank}
}

@article{aerc2019taxi,
  title={The Economics of Motorcycle Taxi Services in Benin},
  author={{African Economic Research Consortium}},
  journal={AERC Research Papers},
  volume={142},
  pages={1--33},
  year={2019},
  publisher={AERC}
}

@article{godunov1959finite,
  title={A finite difference method for the numerical computation of discontinuous solutions of the equations of fluid dynamics},
  author={Godunov, Sergei Konstantinovich},
  journal={Matematicheskii Sbornik},
  volume={47},
  number={3},
  pages={357--393},
  year={1959}
}

@book{leveque1992numerical,
  title={Numerical Methods for Conservation Laws},
  author={LeVeque, Randall J},
  year={1992},
  publisher={Springer}
}

@book{toro2013riemann,
  title={Riemann Solvers and Numerical Methods for Fluid Dynamics: A Practical Introduction},
  author={Toro, Eleuterio F},
  year={2013},
  publisher={Springer Science \& Business Media}
}
